<record><leader>00000cas a22000007a 4500</leader><controlfield tag="001">14996017</controlfield><controlfield tag="008">861219d19311952aluwr ne      0    0eng d</controlfield><datafield ind1=" " ind2=" " tag="010"><subfield code="a">sn 86050468 </subfield></datafield><datafield ind1=" " ind2=" " tag="040"><subfield code="a">AAR</subfield><subfield code="b">eng</subfield><subfield code="c">AAR</subfield><subfield code="d">CPN</subfield><subfield code="d">OCLCQ</subfield></datafield><datafield ind1=" " ind2=" " tag="042"><subfield code="a">msc</subfield></datafield><datafield ind1="0" ind2="4" tag="245"><subfield code="a">The Sulligent news.</subfield></datafield><datafield ind1=" " ind2=" " tag="260"><subfield code="a">Sulligent, Ala. :</subfield><subfield code="b">Theron D. Harden,</subfield><subfield code="c">1931-1952.</subfield></datafield><datafield ind1=" " ind2=" " tag="300"><subfield code="a">v.</subfield></datafield><datafield ind1=" " ind2=" " tag="310"><subfield code="a">Weekly</subfield></datafield><datafield ind1="0" ind2=" " tag="362"><subfield code="a">Vol. 1, no. 1 (July 30, 1931)-v. 21, no. 43 (Mar. 27, 1952).</subfield></datafield><datafield ind1=" " ind2=" " tag="752"><subfield code="a">United States</subfield><subfield code="b">Alabama</subfield><subfield code="c">Lamar</subfield><subfield code="d">Sulligent.</subfield></datafield><datafield ind1="0" ind2="5" tag="780"><subfield code="t">Times of Sulligent</subfield><subfield code="w">(DLC)sn 88050127</subfield></datafield><datafield ind1="0" ind2="7" tag="785"><subfield code="t">Lamar Democrat (Vernon, Ala.)</subfield><subfield code="w">(DLC)sn 86050469</subfield></datafield><datafield ind1="0" ind2="7" tag="785"><subfield code="t">Lamar Democrat and the Sulligent news</subfield><subfield code="w">(DLC)sn 86050470</subfield></datafield></record>